2817 4684
531 337 539 346 '
572 356 750 420 maora
786 428 793 437 ,
1160 367 1218 430 na

217 520 272 589 G
306 513 377 588 filis
414 511 675 609 conformibus,
726 511 916 600 teretibus,
966 513 1037 590 filil
1019 516 1210 610 formibus,

128 614 390 727 cartilagineis,
420 602 675 689 dichotomisz‘
703 620 810 693 ramis
825 610 1045 737 divaricatis3
1094 648 1208 694 ramu-

131 717 323 804 linearis,
351 718 513 836 capsulis,
539 710 761 812 lateralibus,
791 723 939 820 sparsis
948 720 1209 815 subsessilibus,

135 819 385 907 subrotundis,
413 822 512 918 apice
535 823 717 894 excavatis
810 894 815 905 ,

235 927 340 996 Faces
366 925 528 1011 calcularis
554 923 653 995 caule
694 925 835 996 tereti·
852 886 1010 998 fililorini
1038 904 1210 1043 cartilagi-

135 1050 225 1131 neo,
258 1028 335 1144 ipso
353 1025 427 1121 jam
444 1021 554 1097 abasi
580 1023 709 1099 diffuse
734 1028 999 1099 ramosissimo:
1040 1032 1145 1100 ramis
1161 1030 1210 1101 di·

133 1118 300 1201 varicatis
337 1153 425 1222 vage
466 1128 611 1224 laxeque
653 1126 779 1200 obsitis
810 1131 921 1224 spinis
960 1128 1210 1243 homogeneis,

134 1226 370 1301 ac1cular1bus
380 1284 390 1316 ,
442 1227 678 1302 subincurvis.
744 1226 910 1326 Wulscr
935 1236 1058 1330 Crypt
1092 1238 1234 1331 aquat'

97 1336 102 1341 “
132 1354 209 1432 pag
232 1341 291 1418 63
319 1359 354 1403 n
380 1344 439 1416 50.
526 1356 531 1362 ·

177 1438 283 1523 In
290 1426 472 1506 Fucor'um
487 1432 696 1535 collectione
714 1433 767 1510 Ill
788 1432 831 1505 de
854 1428 946 1508 Wol
931 1434 1019 1527 lfrn
1041 1432 1210 1509 benevole

134 1502 276 1609 mecum
299 1538 560 1607 communicata
588 1535 848 1634 huncquoque
877 1537 1000 1637 Algam
1026 1531 1220 1612 observare·

131 1639 223 1710 mihi
253 1628 416 1732 contigit.

233 1741 333 1813 Filo
374 1766 394 1811 a
407 1740 651 1838 sesquiuncia
682 1738 726 1811 ad
756 1755 829 1812 tres
860 1741 982 1812 uncias
1015 1741 1211 1836 longa,a

132 1839 209 1914 basi
232 1868 383 1929 ramosa,
414 1842 634 1927 dichotoma,
665 1843 811 1927 teretia,
856 1840 906 1913 fili
924 1845 1134 1944 emporetici
1157 1859 1209 1916 te·

134 1948 269 2016 nuioris
300 1948 477 2029 crassitie,
520 1944 779 2038 cartilaginea,
795 1946 1109 2041 purpurascentia,
1142 1945 1209 2018 dia·

69 2092 106 2140 ι’
130 2046 265 2146 phana
293 2046 507 2141 conformia,
540 2047 707 2142 aequalia

218 2128 349 2221 Romi
371 2148 517 2232 alterni,
552 2150 702 2231 remoti,
737 2144 922 2218 divaricari
957 2164 1014 2219 et
1020 2170 1104 2219 ιιοιι
1127 2174 1208 2222 raro

64 2280 68 2287 ⁴
130 2248 285 2351 refracti.

181 2413 187 2420 .
207 2342 400 2420 Romuli
417 2342 1207 2444 sesquilineamadduaslineaslongi,stricti,
1258 2426 1261 2437 Ι

18 2514 25 2531 ,
131 2449 329 2552 simplices,
358 2451 500 2547 saepius
516 2447 670 2535 secundi,
703 2445 962 2545 remotiusculi,
988 2447 1142 2523 subulati
1167 2468 1204 2525 et

130 2540 396 2711 lpirraeiormest

117 2695 121 2705 ·
232 2655 440 2750 Capraloe
468 2651 511 2727 ad
533 2678 715 2727 ramorum
732 2648 946 2725 inferiorum
959 2630 1074 2725 latera
1089 2655 1205 2729 solita·
1278 2740 1290 2755 Δ

131 2758 221 2841 r'iao,
245 2785 345 2831 rarae
377 2763 461 2848 (una
476 2756 532 2828 vel
548 2755 683 2831 altera
671 2782 711 2828 ιιι
730 2755 843 2843 ramo)
868 2778 909 2823 ear
935 2768 1065 2827 ovato·
1084 2756 1206 2841 subro-

3 2878 30 2914 ··
129 2850 282 2944 tundae,
331 2859 554 2947 subsessiles,
597 2860 700 2930 tenui
731 2854 976 2954 pellucidaque
999 2856 1206 2935 membrana

67 3020 76 3043 ,
113 2948 319 3046 *conflatam
367 2964 484 3060 apice
480 2975 634 3051 retusae
662 2974 700 3029 et
723 2960 925 3042 excavatae,
957 2960 1204 3055 magnitudine

64 3120 70 3133 .
100 3060 203 3135 ,lere
234 3064 385 3135 seminis
398 3063 623 3161 Sinapios
657 3065 831 3153 nigrae,
877 3056 1029 3169 globum
1060 3059 1205 3165 sulphu-

36 3170 39 3176 '
129 3188 231 3237 reum
248 3162 479 3248 includentes,
504 3188 568 3261 per
579 3150 1204 3256 srcortatemcorrugetacetbasrcon

130 3270 336 3353 tractiores,
389 3282 432 3338 ut
455 3265 638 3336 evidenter
659 3262 919 3382 pedunculatar
949 3279 1151 3360 appareant
1236 3301 1265 3345 ·.

110 3382 113 3397 '
225 3370 394 3441 Siccata
427 3367 515 3460 Aiga
537 3364 656 3439 evadit
678 3368 871 3438 saturatius
896 3363 1068 3450 colorata,
1093 3424 1095 3427 .
1119 3367 1204 3459 rigi·
1257 3422 1258 3431 ,

127 3468 205 3543 dior
229 3487 266 3544 et
295 3471 371 3543 fere
401 3494 552 3549 cornea,
601 3468 744 3541 chartae
769 3465 826 3539 vel
851 3467 946 3539 vitro
970 3475 1058 3539 non'
1077 3466 1202 3540 adhae-

129 3590 185 3645 ret
208 3588 246 3647 ιι
265 3576 417 3670 irrorata
445 3573 552 3643 citius
582 3571 775 3641 reviviscit.
817 3654 823 3665 ⁵
974 3582 977 3589 ’

130 3752 299 3849 Obstru.
321 3782 372 3849 In
405 3776 474 3848 hoc
506 3775 674 3847 Ceramio
700 3784 826 3845 notatu
862 3768 1110 3865 dignissimum
1143 3766 1202 3843 ob·

141 3896 145 3904 '
288 3894 507 3951 serratur
513 3876 795 3978 phaenomenon.
845 3876 987 3944 Trunci
1009 3872 1144 3945 scilicet
1159 3884 1205 3949 et

304 3986 512 4054 ιιιιιιοιιιιιι
542 3976 760 4053 adultiorum
787 3974 1000 4070 epidermis
995 3976 1095 4073 per'
1110 3985 1201 4043 aeta
