2817 4684
189 286 290 436 aaa,
324 313 327 332 '
431 328 568 391 crass.
586 325 706 390 xxiv
746 324 1058 388 cnvrrooamr

295 475 346 559 Er
370 483 471 594 India
488 487 654 559 orientali
675 487 810 604 accepit
828 485 884 586 111,
906 489 1046 555 Praeses
1068 479 1113 553 de
1134 482 1274 556 artre-

192 593 280 674 ber,
313 593 377 687 qui
401 615 543 661 mecum
569 614 636 688 pro
667 590 794 660 suain
820 613 879 659 me
906 581 1154 658 benevolentia
1177 611 1274 658 com·

161 753 163 760 ι
192 689 406 765 manicavit
769 713 776 728 '

211 877 214 886 Ι
292 798 424 865 Frons
456 794 577 891 plana,
609 790 736 889 pallide
748 788 884 873 viridas,
933 787 1063 874 nitida,
1111 793 1274 883 margine

196 896 337 966 sinuosa
354 913 392 967 et
406 895 583 976 revoluta,
617 892 806 965 admodum
828 891 982 987 fragilis,
1020 917 1041 962 e
1067 891 1275 966 membrana

195 994 271 1066 iere
290 999 454 1067 omnium
478 995 672 1066 tenerrima
691 1010 916 1078 constructa,
956 1010 1122 1090 pertusa
1128 991 1274 1064 forami-

195 1096 302 1169 nibus
313 1099 483 1194 sparsis
480 1095 672 1182 ovalibus,
699 1095 858 1169 diversae
876 1094 1149 1216 magnitudinis,
1176 1121 1274 1168 mar·
1336 1143 1347 1174 ι,

193 1202 279 1294 gine
303 1202 549 1271 circumcirca
574 1151 757 1271 revolutis.

298 1302 484 1373 Groneia
519 1303 614 1372 intra
636 1299 863 1373 membranae
885 1295 1120 1372 substantiam
1150 1323 1272 1397 sparsa

193 1418 236 1476 et
263 1405 423 1498 copiosa,
464 1405 641 1486 micantia.

154 1585 157 1594 ¹
296 1511 363 1577 Per
405 1507 691 1578 siccitatem
710 1477 865 1582 colorem
899 1505 1050 1600 retinet,
1098 1528 1273 1600 perquam

196 1607 331 1698 fragilis
356 1624 393 1677 et
416 1605 460 1677 ob
483 1608 707 1682 membranae
730 1609 958 1680 teneritatem
977 1589 1096 1701 lagu
1091 1606 1218 1679 evadit
1236 1620 1274 1678 et

192 1707 338 1780 chartae
358 1725 429 1780 non
452 1707 629 1782 adhaeret.
748 1755 751 1766 ·

191 1848 194 1854 ·
300 1817 356 1892 14.
391 1817 522 1883 ULVA
558 1811 821 1884 reticulata.

299 1917 346 1983 U.
381 1912 569 1985 frondibus
595 1914 882 1995 membranaceis,
908 1912 1080 1985 confertis
1098 1910 1272 2006 oblongis,

195 2009 347 2096 inflexis,
371 2019 532 2110 margine
555 2014 825 2101 subundulatiS,
859 2020 1093 2099 tenuissimis,
1126 2041 1273 2090 sursum

133 2119 137 2124 '
195 2114 367 2199 dilatatis,
401 2123 557 2216 pertusis
585 2117 821 2191 foraminibus
841 2116 1103 2214 irregularibus
1120 2117 1273 2191 cetisfa

154 2287 155 2290 ,
194 2220 286 2292 ciem
311 2219 573 2294 inducentibus

292 2328 338 2395 U.
374 2326 645 2397 reticulata·
689 2323 833 2395 Forsl.
862 2322 968 2394 Flora
985 2330 1137 2420 Aegypt.
1165 2320 1271 2401 Arab.

294 2427 494 2522 Speciririna
523 2452 609 2498 mea
648 2423 918 2500 benevolentiae
953 2424 1062 2498 debeo
1099 2427 1272 2498 Virorum
1357 2499 1363 2516 ¹

195 2525 343 2618 celeber.
388 2525 537 2600 Weber
570 2545 607 2600 et
637 2511 772 2599 Melit.

156 2665 161 2670 ·
193 2655 218 2719 ⁸·
297 2632 479 2700 Frondrr
517 2630 715 2711 confertae,
758 2626 948 2725 oblongae,
989 2599 1181 2713 infleaae,
1196 2653 1271 2700 non

195 2756 275 2802 raro
303 2731 530 2816 convolutae,
583 2735 744 2823 margine
769 2730 1051 2815 subundulatae,
1087 2747 1269 2802 caeterum

130 2913 132 2920 s
195 2834 329 2952 planae,
356 2859 396 2904 ex
417 2833 531 2905 albida
551 2829 791 2916 flavescentes,
815 2853 888 2906 tres
911 2838 1055 2906 circiter
1080 2836 1204 2904 uncias
1231 2835 1270 2904 in

118 2987 120 2990 .
196 2939 282 3006 meis
313 2935 566 3040 speciminibus
591 2937 727 3032 longae,
762 2935 881 3009 forsan
905 2937 1001 3010 lon
993 2959 1100 3021 rores,
1135 2937 1272 3005 tenuis-

197 3041 303 3128 sima,
354 3029 526 3134 pellucido
550 3057 586 3128 et
613 3040 712 3110 'valde
736 3038 854 3134 fragili
882 2962 1087 3110 membrana
1110 3055 1272 3124 constru-

196 3159 291 3225 ctae,
325 3141 485 3212 inferne
490 3140 564 3212 iere
589 3142 758 3225 lineares,
793 3135 922 3213 lin‘eam
934 3141 984 3212 ad
997 3137 1081 3211 duas
1097 3133 1207 3211 lineas
1224 3138 1272 3210 la·

76 3275 80 3284 ¹
194 3259 261 3326 tae,
286 3267 426 3314 sursum
444 3242 604 3317 dilatatae
622 3243 664 3316 ad
678 3246 844 3339 quinque
866 3270 931 3317 seu
947 3270 1005 3315 sex
1026 3243 1203 3316 linearum
1227 3239 1273 3312 la'

145 3361 146 3370 ’
192 3345 410 3428 titudinem,
436 3362 602 3443 pertusae
617 3346 851 3420 foraminibus
874 3346 1033 3418 diversae
1054 3343 1272 3438 'magnitudi-

179 3449 250 3532 nis
280 3464 316 3517 et
341 3446 474 3541 figurae
499 3449 747 3535 subrotundis,
786 3448 947 3542 oblongis
966 3449 1021 3519 vel
1044 3446 1272 3541 triangulari·

193 3548 259 3619 bus
298 3576 395 3621 nunc
412 3551 674 3635 remotioribus,
711 3567 861 3633 nuncet
878 3552 1089 3648 plerumque
1111 3549 1273 3647 approxi-

108 3674 110 3678 ·
195 3605 316 3734 maiis,
337 3651 455 3724 frondi
474 3660 558 3725 retis
577 3653 712 3728 faciem
721 3679 793 3727 non
822 3653 912 3726 male
936 3649 1200 3726 inducentibus

186 3745 190 3754 ’
291 3756 517 3829 Groneia
508 3737 603 3827 intra
624 3743 848 3829 membranae
880 3757 1112 3828 substantiam
1139 3754 1275 3851 absque

195 3869 367 3972 rupturae
381 3859 573 3977 periculo
564 3885 601 3929 ιιι
618 3859 739 3929 charta
757 3853 812 3928 vel
830 3860 990 3930 vitrovix
1008 3861 1076 3931 rite
1091 3857 1275 3966 explanari
1349 3927 1355 3942 Ι

188 3979 295 4059 'putea
281 3977 330 4045 t,
377 3986 442 4060 per
448 3964 654 4036 siccitatem
676 3947 798 4033 autem
820 3964 962 4036 arctius
959 3954 1211 4034 adhaeret
