2817 4684
358 267 367 305 l

208 360 265 428 ιιι
316 320 333 411 s
447 338 582 419 crass
608 335 728 421 xxiv.
767 350 1079 477 curassemus
1158 320 1205 411 ι’

208 525 411 603 membrana
436 518 573 609 tenaci,
600 516 645 593 ad
664 521 782 594 lucem
807 521 901 594 sub
895 524 1130 622 mieroscopio
1145 538 1286 627 cumpo·

194 636 300 705 sito
293 626 476 725 granulis
480 626 733 733 minutissimis
754 622 910 720 globosis
923 626 1034 699 farcta
1049 644 1087 699 et
1100 629 1186 701 hinc
1200 552 1286 721 supb
1332 718 1337 721 .

143 728 154 743 '
206 758 313 831 opaca
328 744 543 812 constructa,
565 734 826 826 atropurpurea
834 729 895 800 vel
907 740 1063 800 saturare
1078 728 1180 817 flava?
1205 732 1286 804 sub-

133 834 419 932 gelatinosa,
445 833 592 915 teretia,
626 834 885 904 concatenatim
910 831 1095 904 articulata
1121 846 1169 907 et
1181 840 1285 908 toru
1331 846 1334 849 “

204 941 296 1023 losa,
318 935 429 1008 abasi
445 959 510 1032 per
525 930 792 1005 dichotomias
777 935 946 1031 repetitas
960 931 1091 1018 divisa,
1124 940 1284 1008 ramosis
1306 994 1316 1001 .

26 1074 30 1082 ’
135 1090 139 1136 ,
203 1042 318 1124 sima,
340 1037 552 1110 fruticulurn
574 1034 827 1137 densissimum
851 1041 1174 1134 repraesentantia,
1202 1063 1282 1181 spus

205 1146 258 1215 rie
291 1136 487 1236 geniculata
516 1139 711 1225 stricturis.
1093 1174 1094 1177 =

304 1276 425 1349 Romi
458 1301 478 1345 e
511 1275 689 1347 stricturis
729 1271 974 1371 prodeuntes·
1026 1275 1282 1361 inferiores

14 1454 19 1461 ‚
102 1384 126 1427 Γ
206 1372 364 1465 alterni3¹
409 1379 673 1494 superiores
717 1402 800 1447 curn
834 1377 1023 1448 ramulis
1071 1377 1302 1478 plerumque,

205 1433 436 1559 verticillati
454 1483 553 1577 apice
575 1476 706 1565 obtusi,
733 1481 830 1549 coeci
851 1494 889 1550 et
909 1482 1047 1599 saepius
1068 1464 1181 1552 biidi.
1276 1538 1278 1543 .
1323 1544 1327 1553 ,

305 1616 499 1691 Articuli
529 1642 569 1687 ex
594 1602 747 1707 oblongo
772 1614 906 1699 uvales,
948 1642 1072 1691 versus
1096 1560 1281 1701 stricturas

130 1715 136 1721 ²
175 1724 377 1817 utrinque
391 1742 519 1815 parurn
536 1719 725 1799 attenuati,
749 1715 880 1789 lineam
896 1715 939 1791 ad
953 1740 1011 1789 sex
1031 1719 1182 1801 lineas-l
1160 1723 1279 1812 -ongi

207 1884 212 1891 ·
305 1854 513 1948 Covprulos
538 1853 895 1936 comeo-truncatae,
915 1852 1068 1936 ‘sessiles,
1101 1855 1140 1925 in
1162 1872 1278 1926 rauiua

203 1961 320 2032 lorum
337 1955 629 2028 verticillatorum
645 1955 826 2023 stricturis
851 1953 1094 2050 superioribus
1123 1957 1277 2028 verticil-

189 2066 309 2147 latae,
335 2061 527 2131 saturatius
552 2056 744 2140 coloratae,
778 2057 933 2149 exiguae

134 2164 136 2168 ’
297 2162 607 2235 Exsiccatioue*
622 2154 739 2239 evadit
763 2156 924 2255 pallidior
939 2174 976 2232 et
992 2158 1136 2249 chartae
1153 2161 1262 2231 vel
1227 2171 1277 2231 ιι

200 2250 260 2341 tio
284 2268 416 2338 arctius
440 2261 684 2357 adglutinatur
709 2263 794 2334 haec
823 2261 939 2355 Alga.
989 2262 1204 2335 Irroratione
1229 2265 1277 2333 ci·

89 2444 93 2453 .
199 2374 336 2445 tissime
360 2364 549 2440 reviviscit

357 2478 371 2505 s

202 2550 380 2669 Obstru
402 2543 570 2659 capsulas
597 2512 785 2612 observare
808 2540 967 2610 nondum
989 2541 1083 2610 mihi
1099 2543 1275 2635 contigit,
1315 2552 1342 2611 ’ἡ

407 2668 498 2739 quae
521 2646 560 2719 in
577 2637 830 2746 speciminibus
849 2627 1119 2733 elegantissimis
1135 2667 1155 2713 a
1171 2667 1275 2715 vene

236 2802 240 2819 .
341 2798 346 2807 1
406 2749 520 2817 ratiss.
539 2746 782 2823 Turnero
820 2742 998 2859 acceptis
1018 2740 1273 2819 desiderantur

406 2847 456 2921 Ex
487 2846 710 2917 auctoritate
734 2844 992 2917 accuratissimi
1037 2841 1272 2921 observatoris

404 2946 610 3020 Turneri
643 2946 716 3018 huc
738 2945 872 3034 retuli,
923 2950 989 3044 qui
1017 2941 1247 3049 capsulasl.
1241 2973 1272 3019 c.

330 3050 599 3165 .descsipsit.

204 3296 213 3331 f
257 3298 277 3337 2
343 3236 382 3329 β·
406 3239 514 3331 miras·
961 3322 965 3327 .
1243 3198 1253 3237 i

202 3410 226 3435 υ
298 3374 396 3447 Filo
422 3386 554 3455 erecta,
578 3366 663 3442 basi
686 3374 882 3468 reptantia,
917 3373 958 3444 in
981 3375 1229 3492 caespitem
1188 3394 1270 3443 cun·

181 3494 303 3573 gesta,
330 3473 633 3573 subcartilaginca,
659 3476 820 3549 crassitie
840 3472 891 3545 fili
904 3491 1136 3573 emporetrcr
1129 3476 1269 3545 tenuis

199 3585 267 3664 ris,
294 3603 373 3649 raro
389 3577 485 3648 ultra
501 3579 642 3648 unciam
661 3576 718 3647 vel
733 3579 993 3703 sesquiuuciam
1010 3577 1136 3681 longa,
1162 3572 1271 3648 subu

195 3683 288 3767 losa,
315 3679 444 3781 rigida,
478 3682 614 3762 stricta,
640 3678 714 3750 laae
730 3704 896 3751 ramosa
1175 3748 1178 3753 ,
1340 3684 1342 3687 ’

296 3783 412 3855 Romi
434 3783 533 3874 vagi,
559 3780 698 3911 alterni,
720 3772 887 3940 oppositi,
910 3781 1030 3853 rarius
1031 3776 1148 3921 terni
1158 3782 1266 3854 verti·

290 3913 309 3957 1
546 3928 552 3939 .

173 3878 489 4083 ιίιίὂῒΑιιὶιιρῖι·
514 4008 558 4059 οι
559 3984 648 4070 ales,
673 3986 728 4056 vir
746 3930 840 4101 ultra
854 3928 988 4129 lineam
1007 3984 1115 4079 longi.
