2817 4684
483 320 775 414 *noro
985 319 1214 437 *307

131 516 202 687 pris
236 513 371 606 nigris
366 509 487 583 Dilt
537 513 634 583 Hist
684 486 804 584 Musca
851 536 928 609 pag
956 521 1015 602 39.
1054 512 1148 598 ..Tab
1175 542 1207 606 7
1243 529 1245 536 ’

159 624 307 710 gre
1255 647 1258 652 ’

235 758 276 822 In
313 745 471 820 fontibus
505 763 542 819 et
568 746 699 819 rivulis
735 749 1013 822 Britanniae.
1065 756 1210 827 Rarissi-

132 881 229 926 mam
257 869 293 924 et
312 852 609 968 elegantissimam
627 851 731 922 hanc
735 849 945 922 Confervam
965 878 1074 952 prope
1100 863 1207 927 Yar-

132 957 292 1027 mouth
319 955 408 1046 legit
430 956 563 1023 amicus
583 954 873 1025 veneratissimus
902 956 1080 1040 Dowson
1111 949 1208 1028 Tur·

134 1082 237 1142 ner,
257 1056 361 1152 cujus
395 1054 682 1146 benevolentiae
687 1073 723 1126 et
755 1056 863 1150 liujus
890 1057 1011 1151 Algae
1030 1063 1208 1192 specimen

526 1167 537 1190 2

131 1159 253 1231 debeo

232 1295 328 1365 Filo
359 1291 644 1380 membranacea,
680 1277 832 1376 setacea,
874 1296 1013 1382 tenuia,
1052 1294 1208 1393 subgula·
1304 1299 1306 1314 “

128 1397 264 1479 cinara,
290 1394 427 1467 abasi
434 1421 588 1479 ramosa,
623 1400 799 1492 repetito·
787 1396 1020 1482 ·dichotoma,
1062 1400 1207 1478 fascico

123 1501 207 1570 lum
235 1497 501 1573 subrotundum
530 1497 819 1580 densiusculum,
854 1514 950 1574 atro
962 1500 1210 1575 νὶτίἀειηοοη4

32 1666 34 1669 ⁴
123 1604 337 1686 stituentia,
389 1601 652 1695 elegantissime
676 1599 887 1683 articulata,
934 1600 1075 1687 nodosa,
1127 1597 1228 1702 pilis

122 1704 338 1790 brevibus,
349 1702 659 1785 aculeilormibus,
711 1702 949 1820 crystallinis,
984 1701 1229 1781 verticillatis'
1291 1708 1295 1712 ’
1346 1675 1349 1684 ⁴

125 1806 290 1902 undique
311 1805 470 1891 obsessa,
504 1807 590 1880 hinc
605 1802 671 1880 sub
685 1804 842 1877 lentibus
858 1807 969 1901 magis
992 1808 1206 1940 augentibus

125 1903 328 1981 evidentius
356 1910 507 2024 hirsuta
564 1927 566 1932 '

225 2045 342 2118 Romi
374 2071 455 2116 cum
492 2044 621 2113 ramuiir
661 2042 878 2127 dichotomi‚
923 2062 1059 2118 remote
1091 2046 1207 2134 divisi,

73 2222 76 2229 ,
123 2145 330 2226 divaricari,
356 2146 398 2216 ad
421 2145 593 2237 angulum
612 2143 789 2262 obtusum
801 2170 821 2215 e
840 2151 1041 2234 communis
1065 2150 1208 2267 articuli

120 2247 226 2349 ¹apice
244 2245 470 2342 prodeuntes
572 2314 582 2333 ,
1263 2323 1284 2347 ,Ι

133 2373 140 2385 ·
228 2348 427 2418 Genirulo
461 2342 633 2428 insititio,
683 2343 826 2417 alibris
857 2344 1005 2436 filorum
1036 2349 1206 2432 membrar

122 2471 208 2524 nam
232 2446 544 2522 constituentibus
565 2445 606 2516 ad
626 2448 761 2544 apicem
788 2446 959 2543 cujusvis
965 2451 1107 2522 articuli
1131 2480 1215 2526 ver--

123 2581 185 2627 sus
202 2578 332 2625 cauum
332 2549 508 2649 ejusdem
536 2548 674 2620 inflexis
698 2565 735 2620 et
751 2554 788 2622 in
804 2566 984 2649 punctum
1006 2556 1107 2651 quasi
1124 2552 1207 2629 'conl'
1287 2555 1293 2568 ¹

117 2657 347 2753 junctorium
372 2654 579 2736 coarctatis,
611 2637 746 2723 obnita.

225 2758 422 2829 Articuli
448 2755 610 2860 oblongi,
643 2770 785 2843 teretes,
828 2752 1010 2841 tubulosi‚
1046 2751 1204 2833 alteral-

83 2934 86 2942 Ι
119 2864 237 2934 'terius
271 2860 370 2955 apici
399 2862 573 2939 insertus,
628 2857 672 2926 ad
697 2859 934 2953 insertionem
966 2858 1204 2954 fragilssimi,
1234 2887 1239 2895 ·

117 2961 266 3048 rnferne
282 2957 468 3045 attenuati
503 2957 676 3077 pellucidi
699 2960 892 3055 minusque
918 2961 1069 3048 hirsuti,
1118 2963 1205 3061 pilo·

111 3077 204 3139 *rum
235 3063 420 3136 verticillis
444 3063 696 3181 approximatis
720 3060 859 3158 sibique
880 3065 1079 3157 contiguis,
1106 3068 1204 3162 apice
1306 3082 1311 3088 “
1398 3099 1399 3138 ;

118 3163 302 3250 truncati,
329 3164 457 3237 elevati
484 3164 656 3238 nudulum
686 3161 882 3237 formantes
906 3164 1203 3253 hirsutissimum,
1325 3235 1330 3242 .

121 3263 396 3364 subglobosum‚
428 3284 567 3340 atrum.
621 3289 658 3337 m
686 3283 853 3342 trunco
889 3282 926 3337 et
953 3294 1204 3340 ramrsma
1282 3323 1310 3362 4

118 3369 299 3466 juribus
334 3369 513 3464 longiores
540 3370 681 3465 totique
714 3367 789 3442 fere
810 3371 941 3466 ·opaci;
993 3372 1031 3441 in
1067 3374 1204 3443 ramis

116 3471 384 3546 minoribus
428 3472 695 3568 ramulisque
729 3468 929 3558 breviores,
962 3469 1111 3555 inferne
1134 3476 1204 3545 albi

117 3584 158 3646 'et
183 3567 373 3674 diaphoni.⁴

222 3681 394 3751 Sicrota
427 3677 570 3749 chartae
597 3674 652 3746 vel
673 3675 780 3765 vitri
808 3675 958 3747 laminae
993 3678 1125 3749 arctius
1147 3673 1204 3749 'ad-

12 3821 13 3824 =
120 3773 244 3854 haeret
268 3797 306 3852 et
331 3780 493 3854 habitum
517 3805 623 3851 suum
643 3782 704 3849 vir
722 3794 858 3863 mutat,
886 3777 1067 3876 nisiquod
1084 3780 1204 3851 hirsu·
1257 3785 1259 3790 ’

119 3873 188 3949 ties
204 3888 325 3953 minus
332 3877 513 3954 evidens'
505 3908 543 3953 m
560 3897 794 3980 conspectum
809 3883 937 3994 veniat.
989 3885 1123 3978 Aqua
1112 3908 1203 3954 rrro·

89 4001 92 4004 ’
121 3971 198 4051 'rata
222 3985 330 4053 citius
351 3989 543 4055 reviviscit.
