2817 4684
471 324 956 414 masam'rrramem

388 507 677 581 observationem
694 512 753 581 .in
785 511 852 582 hac
882 512 1022 609 plantam
1069 515 1259 611 inquiens:
1314 546 1320 553 ·

390 611 583 686 Volimriae
590 617 679 681 modo
687 604 811 703 planta
814 618 1002 704 pedunculos
1011 619 1059 695 ,od
1068 639 1170 711 oquae
1184 639 1260 707 pro-

339 710 344 715 *
380 714 584 807 foeditatem
608 714 702 783 laxat
726 729 760 783 et
782 712 952 791 contrahit
998 712 1270 789 'limitatione‘

387 841 474 886 vero
488 830 570 909 eget
593 816 663 886 hoc
678 834 901 890 contentum.
973 825 1017 891 In
1043 822 1176 892 itinere
1196 818 1257 892 bo·

376 920 529 1001 ‘t'anico‚
585 942 668 987 cum
703 922 929 990 amicissimo·
967 927 1178 992 Mertens
1214 920 1258 993 ad

385 1012 563 1091 Fimbriam
581 1020 734 1091 insulam
758 1025 865 1092 maris
880 1021 1131 1107 baltici⁵1802.
1158 1027 1256 1095 insti-

386 1139 487 1207 tuto,
520 1124 675 1216 contigit
704 1121 807 1194 nobis
831 1126 870 1194 in
897 1125 963 1195 bac
994 1126 1111 1195 insula
1140 1118 1275 1197 raram*

285 1244 301 1257 ·
387 1225 481 1295 hanc
495 1226 711 1297 Germaniae
726 1225 882 1321 plantam
905 1229 1057 1298 maxima
1073 1230 1178 1326 copia
1194 1227 1256 1298 flo-

387 1343 527 1398 rentem
550 1344 588 1397 et
608 1326 833 1400 fructiferam
864 1328 1060 1400 observare.
1128 1330 1255 1402 Perian-

386 1429 447 1501 culi
476 1452 661 1517 rennues,
693 1431 854 1527 Spadices
880 1431 980 1516 dicti,
1001 1455 1126 1502 versuo
1153 1431 1255 1503 inflo-

386 1512 763 1630 rescentiae'teffpris
802 1536 975 1632 apiculam
1006 1534 1278 1618 terminalem,¹

383 1633 548 1718 brevem,
580 1636 731 1718 nudam,
765 1652 984 1735 compactam
1007 1653 1045 1708 et
1065 1635 1256 1709 fructifica·

384 1739 495 1809 tionis
518 1736 678 1832 partibus
711 1732 853 1810 tantum
877 1736 1102 1810 instructam.
1151 1739 1256 1811 Poto-

384 1849 579 1934 mogetonum
600 1863 718 1921 more,
760 1866 868 1936 supra
891 1866 1002 1936 aquae
1028 1838 1255 1935 superficiem

385 1940 573 2023 attollunt,
606 1964 678 2036 quo
693 1937 799 2011 liberi
823 1947 913 2012 acris
941 1941 1155 2035 adjumento
1166 1967 1255 2012 ovu·
1304 1969 1310 1973 ·

258 2034 265 2051 ’
384 2036 503 2115 lorum
516 2041 743 2115 foecundatio
759 2069 823 2140 per
839 2045 959 2141 pollen
969 2043 1165 2114 masculum
1175 2048 1255 2140 pro'·

306 2184 310 2189 >
384 2145 486 2217 cedat
499 2145 666 2225 felicior..
698 2149 827 2216 Hocin
837 2163 935 2217 statu
947 2161 1079 2229 rentur,
1105 2148 1253 2223 strictus
1296 2196 1300 2215 2

382 2266 422 2320 et
435 2250 541 2319 uncia
558 2250 615 2316 vix
633 2247 774 2340 longior
791 2250 1068 2345 inconspectum
1076 2250 1178 2318 venit
1192 2272 1252 2347 pe-
1326 2322 1330 2329 ,

383 2350 571 2422 dunculus.
603 2350 776 2421 'Peracta
796 2350 1070 2422 foecundatioue
1089 2352 1188 2447 spica
1212 2352 1252 2421 in

302 2536 306 2541 Ι
384 2479 511 2550 aquam
530 2453 730 2523 retrahitur
752 2469 790 2521 et
812 2452 1035 2549 pedunculus
1053 2452 1121 2522 sub
1137 2454 1252 2522 incre·

384 2566 508 2626 mento
532 2553 722 2623 orulorum
751 2557 948 2623 successive
972 2554 1159 2647 elongatur
1181 2556 1252 2638 ita,

383 2676 427 2727 ut
447 2680 572 2725 versus
588 2658 768 2743 seminum
782 2657 1028 2725 maturitatem
1044 2670 1200 2750 quatuor
1209 2654 1254 2727 ad

382 2760 543 2853 quinque
582 2759 773 2827 unciarum
810 2754 1071 2849 longitudinem
1092 2764 1251 2854 ‘aequet
1326 2832 1332 2843 ,

339 2868 343 2871 “
382 2857 454 2931 Sub
473 2860 545 2929 bae
557 2857 706 2929 notabili
722 2856 947 2952 elongatione
962 2859 1111 2930 insimul
1135 2863 1251 2956 spirae

382 2965 421 3032 in
453 2959 598 3030 modum
621 2978 808 3031 contortus
830 2960 965 3045 evadit,
1002 2977 1047 3033 ut
1068 2960 1110 3032 ad
1140 2988 1251 3058 aquae

310 3094 320 3104 ·
380 3061 663 3161 profunditatem
693 3065 842 3133 omnino
871 3063 980 3134 laxari
1016 3079 1054 3136 et
1085 3066 1251 3137 contrahi

382 3165 516 3249 valeat,
545 3167 632 3261 puri,
647 3163 754 3235 modo
785 3182 830 3236 ut
851 3164 1048 3239 Valimeriae
1072 3166 1262 3239 femineus‘

380 3266 614 3366 pedunculus.
671 3266 835 3357 (Confer.
859 3270 976 3340 Roth
1009 3276 1119 3341 Neue
1142 3271 1255 3340 Beitr.·
1316 3266 1321 3269 Ἴ

380 3396 449 3440 aur
476 3375 553 3440 But„
582 3375 619 3439 T
621 3367 708 3439 h..1.
733 3395 811 3466 pag.
828 3375 935 3459 340).
992 3378 1059 3455 Ae,
1102 3396 1186 3441 cum
1210 3372 1251 3442 in

380 3475 511 3565 Reppia
551 3497 625 3542 non
674 3469 920 3545 florescentiae
958 3488 1137 3570 tempore,
1188 3471 1251 3542 sed

283 3620 290 3643 ,
380 3590 522 3672 peracta
563 3572 838 3646 foecundatione
877 3591 1021 3647 tantum
1056 3572 1252 3663 notabilem
1284 3596 1296 3606 ⁴

381 3678 474 3747 hanc
505 3679 602 3746 ineat
634 3679 876 3748 mutationem
912 3676 1156 3774 pedunculus,
1206 3674 1250 3747 ad
1372 3680 1381 3691 “

379 3776 667 3874 fructificationis
696 3782 881 3872 negotium
908 3779 1012 3876 plane
1043 3778 1136 3849 nihil
1167 3780 1275 3848 con?

379 3880 481 3953 ferre
499 3884 629 3978 piitest,
661 3881 770 3974 longe
791 3881 880 3951 alius
901 3883 1022 3977 potius
1047 3878 1130 3951 finis
1152 3880 1248 3949 elon·
1326 3948 1330 3955 ,

379 3986 531 4080 gationis
560 3982 847 4080 pedunculorum
877 3985 917 4055 in
949 3984 1014 4053 bac
1044 3982 1165 4079 planta
1198 3981 1249 4052 lo·
