2817 4684
400 322 404 335 '
494 342 806 421 ’.ιιιοιιοῡιιιιι
901 354 906 363 ’
1097 351 1223 438 09

348 511 507 612 gramen,
531 541 574 597 ex
593 518 760 587 America
776 516 1047 615 septentrionali
1066 516 1122 589 Illi
1140 520 1223 590 mis·

315 664 317 675 ι
349 645 450 704 sum,
492 634 584 702 erat,
621 618 724 714 cujus
741 616 1011 701 benerolentiae
1026 622 1223 717 specimina

351 719 529 792 debebam.
557 724 559 729 ’
580 719 697 805 Idem
724 745 806 793 cum
827 721 909 808 huc,
937 742 1087 814 gramen
1101 720 1222 792 crede·

348 820 432 893 bam
473 822 664 918 hucusque
709 822 907 938 Dactylidnn
939 828 1081 895 strictum
1124 825 1224 894 Lin-

351 925 446 1008 nei,
477 948 585 1018 quam
618 931 721 995 tunc
734 921 919 996 observare
946 924 1106 1019 nondum
1133 925 1226 996 mihi
1306 966 1310 985 ι

352 1027 516 1118 contigit.
567 1012 747 1097 Adfinem
776 1028 860 1097 anni
898 1036 1006 1110 1802.
1041 1024 1084 1098 ab
1110 1028 1225 1097 amico

351 1128 622 1201 veneratissimo
647 1134 835 1200 Dawson
862 1134 1047 1200 Turner
1056 1126 1180 1235 Esq
1172 1152 1224 1199 rn-

353 1245 431 1302 ter
425 1222 526 1300 alias
557 1228 743 1326 perplures
779 1232 984 1303 Britanniae
1008 1216 1145 1329 plantas
1173 1255 1225 1305 ra·

355 1335 467 1405 riores
520 1331 685 1445 mihique
736 1330 960 1416 deficientes,
1025 1333 1226 1435 Dactylidena

354 1459 498 1531 quoque
523 1433 685 1505 strictam
678 1437 824 1537 accepi
884 1437 1103 1533 Comparatis
1129 1456 1272 1509 nuuc‘
1376 1424 1384 1447 ⁶

307 1556 309 1561 '
354 1538 563 1608 americanis
605 1536 862 1655 speciminibus
890 1562 987 1654 curn
1024 1536 1228 1609 britannico

354 1641 525 1734 gramine,
551 1636 704 1715 diversas
722 1641 871 1718 omnino
888 1641 1021 1737 species
1039 1665 1113 1711 esse
1129 1665 1228 1712 nunc

305 1801 309 1807 .
355 1742 447 1813 mihi
476 1743 789 1839 persuasissimum
813 1739 942 1826 habeo,
973 1767 1077 1837 quae,
1105 1768 1226 1838 quam-

313 1888 316 1899 =
355 1845 409 1914 vis
426 1840 542 1941 quoad
566 1842 728 1921 habitum
755 1846 916 1942 proxime
947 1843 1015 1915 sibi
1055 1861 1227 1940 cognatae

153 1996 160 2003 -
269 1994 275 2013 .
307 1996 310 2001 -
356 1949 430 2018 sint
462 1962 570 2042 atque
605 1944 676 2020 Cel.
700 1948 852 2018 Smith
886 1949 924 2017 in
958 1945 1064 2017 Flora
1090 1950 1228 2019 Britan·
1268 2028 1283 2055 Η

308 2099 317 2107 „
356 2053 434 2120 nica
459 2049 693 2145 Vol.1.'pag.
727 2072 808 2119 110.
844 2046 925 2120 data
954 2046 1130 2142 diagnosis
1157 2075 1228 2119 am·
1288 2066 1295 2081 “

355 2149 467 2221 bnbus
482 2149 742 2246 quodammodo
760 2149 981 2246 respondeat,
1003 2168 1124 2221 tamen
1143 2176 1230 2245 quo·
1328 2180 1331 2186 ·

248 2284 249 2287 ¹
278 2272 283 2295 ’·
319 2312 328 2323 r
358 2253 401 2323 ad
434 2251 718 2345 magnitudinem
752 2266 789 2321 et
821 2253 1039 2321 structuram
1069 2254 1230 2348 partium

297 2390 306 2411 ι
361 2352 460 2423 floris
496 2376 603 2448 quam
635 2353 789 2421 maxime
830 2353 927 2422 inter
966 2376 1012 2421 se*
1046 2349 1230 2425 differunt.

203 2480 207 2507 ι
271 2498 275 2509 ‹
331 2456 618 2528 vAmericanurn
645 2476 791 2571 gramen
816 2451 1015 2527 omnibus
1006 2474 1044 2527 ιιι
1068 2452 1230 2553 partibus
1313 2492 1316 2499 ·

359 2555 514 2633 adduas
540 2560 664 2628 tertias
691 2558 811 2626 minus
839 2572 912 2640 est,
948 2580 1055 2676 quam
1083 2559 1217 2656 Dnrty
1205 2583 1236 2630 rr

272 2710 282 2729 ι
359 2654 471 2733 stricta
506 2659 710 2730 Britanniae
743 2656 1000 2754 flosculique
991 2685 1029 2730 ιιι
1062 2660 1125 2731 illo
1156 2679 1231 2733 tam

184 2774 187 2779 ’
256 2846 258 2852 A
337 2779 456 2835 arcte
485 2759 596 2831 sibi
588 2763 742 2832 invicem
769 2757 874 2832 dorso
898 2761 1063 2873 applicati
1080 2764 1166 2839 sunt
1193 2767 1232 2836 in

343 2863 516 2937 secunda
538 2865 643 2960 spica,
668 2878 713 2933 ut
740 2888 844 2957 aegre
865 2878 1008 2935 tantum
1032 2863 1232 2936 discernan·
1266 2890 1270 2900 ⁴

207 2966 210 2973 ¹
285 3022 287 3026 a
325 3018 328 3029 ·
361 2982 433 3039 tur.
496 2958 695 3037 'Ambacum
746 2969 946 3084 specierum
994 2961 1234 3039 differentiam
1287 2976 1291 2997 ⁸

336 3095 447 3140 cum
484 3065 676 3139 lectoribus
711 3070 978 3139 communicare
1017 3093 1114 3139 nunc
1144 3072 1261 3141 mihi·
1303 3096 1307 3107 ·

286 3174 604 3271 propositum
614 3187 696 3287 est,
739 3167 870 3264 quibus
892 3187 929 3244 et
955 3173 1098 3244 tertiam
1125 3171 1248 3269 hujus

365 3276 504 3367 generis
530 3274 694 3390 speciem·
705 3269 841 3361 addam.
1018 3294 1021 3301 ’

180 3419 182 3423 .
221 3388 290 3447 ’.ι
317 3378 558 3450 SPARTINA
611 3375 796 3460 stricta,
845 3374 951 3469 spicis
989 3373 1236 3450 terminalibus
1303 3446 1307 3467 ⁸

157 3478 327 3573 geminis:
378 3474 518 3575 spiculis
542 3475 702 3559 secundis
721 3474 893 3572 adpressis
913 3475 1022 3547 laxius
1040 3476 1234 3550 imbricatis
1347 3530 1351 3541 s

157 3581 306 3679 erectis,
340 3578 480 3655 corollis
495 3579 613 3676 calyce
631 3575 875 3672 longioribus,
914 3578 1009 3650 foliis
1027 3579 1209 3654 involutis.

100 3674 103 3681 ⁴
259 3685 490 3755 astricta
520 3683 632 3754 Rota
665 3688 774 3754 Neue
808 3682 928 3775 Beitr.
951 3708 1018 3753 zur
1049 3688 1125 3754 But.
1157 3681 1180 3771 l.
1206 3702 1235 3752 c·

64 3810 67 3817 ’
158 3809 257 3857 cum
287 3780 567 3883 synonymis.

225 3886 391 3960 Folia
415 3901 548 3974 erecta,
573 3887 708 3971 stricta,
735 3884 905 3970 involuta,
930 3887 1031 3993 apice
1050 3884 1236 3959 subulato·

155 4002 381 4086 ,mucronata
