2817 4684
514 406 519 413 ·
623 370 776 439 nunu
1170 373 1248 439 181-

146 627 206 703 bil
233 531 436 605 Granni-o
467 527 738 637 fructificantia,
790 529 959 607 distincta
976 555 1049 606 non
1063 512 1222 610 observa·
1252 558 1280 589 ³

197 657 240 752 ιι.

144 822 322 911 adhaeret.

142 970 147 975 ’
249 954 952 1065 1r)conuuuvnl³1umata.·
1021 1040 1026 1054 .
1224 1064 1231 1069 Π

137 1082 142 1099 ’
218 1082 285 1150 C
312 1073 380 1150 filis
403 1081 601 1163 continuis,
636 1074 869 1166 dichotomis,
903 1076 1069 1165 setacels,
1109 1070 1252 1151 abasi

145 1154 380 1275 bip1nnatis·
410 1182 554 1289 pinnis
568 1182 762 1279 oppositis,
810 1179 1049 1263 brevissimis,
1100 1195 1221 1279 paten-

86 1344 89 1350 .
145 1281 313 1452 tislsimis3
363 1282 523 1382 pinnulis
573 1282 759 1377 alternis,
788 1278 1124 1383 spinaelonnibus,
1161 1305 1220 1383 pa·

141 1398 184 1453 tu
199 1410 241 1461 ts.
453 1438 460 1455 .

106 1474 118 1491 “
243 1484 457 1561 Habitat
445 1513 486 1563 ιιι
508 1452 638 1563 Mari
693 1484 1002 1563 Atlantico.
1036 1488 1175 1564 Inter
1165 1512 1219 1561 ιιι-

144 1582 187 1656 de
216 1587 369 1695 aejecta
404 1582 513 1665 maris
549 1604 692 1690 accepta
729 1589 932 1695 observavit
983 1592 1218 1679 amicissimus
1251 1626 1264 1659 ι.

142 1688 188 1765 M
193 1703 344 1765 ertator
1235 1695 1243 1718 ‘
1318 1686 1322 1705 ’

102 1888 105 1895 Ι
241 1793 341 1869 Filo
391 1795 540 1868 uncialia
571 1811 609 1870 et
644 1795 823 1894 longiora,
874 1758 1140 1870 membranacea
1166 1808 1218 1868 te·

76 1892 85 1899 ’
143 1895 251 1985 retia,
278 1899 470 1985 continua,
492 1896 630 2009 pallide
656 1927 768 1987 rosea,
795 1915 941 1984 setacea,
967 1896 1112 1982 debilia,
1139 1894 1228 1968 flac

105 1972 237 2084 aida,
287 2024 354 2097 per
388 1994 623 2099 dichotomias
655 2006 825 2101 repetitas
855 2000 983 2085 divisa,
1032 1999 1150 2072 abasi
1175 1994 1218 2069 ad

141 2101 275 2196 apicem
305 2096 412 2175 dense
445 2084 588 2175 obsessa
629 2104 775 2177 ramulis
818 2094 1038 2173 brevissimis
1073 2099 1218 2187 divisis,

141 2199 228 2279 hinc
250 2201 436 2300 bipinntta
467 2218 505 2274 et
528 2206 646 2300 primo
668 2203 811 2285 intuitu
838 2201 1010 2319 plumosa

192 2302 403 2375 Pinnae
436 2319 599 2400 quartam
623 2304 744 2379 lineae
758 2320 901 2403 partem
928 2306 987 2405 via¹
1010 2315 1219 2401 aequantes,

140 2406 426 2509 patentissimae,
477 2405 716 2481 horizontales
742 2425 779 2479 et
806 2421 987 2479 nontraro
1014 2430 1142 2502 parum
1165 2431 1219 2476 re·

141 2507 292 2595 fractae,
345 2508 547 2609 oppositae,
595 2507 732 2581 iterum
764 2508 947 2609 pinnatae:
999 2506 1217 2580 Pinnulis

140 2612 303 2699 alternis,
356 2606 549 2683 subuleto·
571 2614 718 2684 setaceis
750 2629 788 2684 et
817 2615 869 2685 ita
900 2606 1216 2709 spinaeformibus,

52 2774 57 2777 .
139 2667 396 2801 brevissillsls,
421 2714 581 2813 patulis,
632 2713 872 2817 simplicibus,
923 2737 1004 2786 raro
1012 2714 1192 2820 apice
1164 2709 1218 2784 bi·

15 2878 64 2937 5.
139 2813 228 2890 fidis.

242 2920 286 2991 S
274 2929 409 2990 scroto
442 2917 584 2991 chartae
608 2916 664 2989 vel
693 2920 789 2992 vitro
815 2918 1013 3024 arctissime
1039 2914 1215 3000 adhaeret,

139 3004 321 3096 caeterum
346 3016 507 3114 ejusdem
532 3016 699 3107 habitus
701 3046 775 3093 non
797 3036 1016 3093 mutatur.

126 3224 312 3302 'Obstru
340 3227 370 3299 l.
401 3230 461 3298 Ne
485 3208 796 3299 confundatur
760 3223 843 3297 cum
871 3221 1032 3318 Conferre
1066 3217 1214 3293 Plumbia

345 3325 457 3403 Ellis
507 3329 546 3399 in
584 3326 786 3425 Philosoph.
821 3332 1005 3400 Transact.
1050 3320 1128 3394 Vol.
1153 3333 1214 3412 57.

282 3422 436 3503 Tab.
457 3439 513 3514 18.
540 3425 669 3523 fiat}
696 3433 741 3501 G.
766 3455 802 3523 g.
826 3454 916 3537 quae
939 3425 1007 3498 filis
1025 3422 1214 3498 evidentis·

164 3617 167 3625 .
249 3602 258 3611 .
344 3533 435 3621 sime
465 3530 675 3648 geniculatis
700 3526 861 3627 gaudet
857 3548 894 3603 et
917 3528 960 3602 ad
995 3528 1132 3631 Οιιιιιιιίὶ
1155 3553 1212 3622 ge·
1296 3564 1310 3593 ι

265 3697 285 3715 ,,
342 3661 411 3709 nus
430 3635 598 3735 p'ertinet.
692 3686 694 3690 -

141 3802 307 3881 Obstru.
333 3800 386 3879 ῙῘ,
410 3772 569 3878 Primo
609 3805 747 3895 intuitu
785 3794 927 3876 similis
945 3817 1001 3873 est
1035 3797 1213 3894 Coosrroor

249 3908 464 4004 pilosae
503 3907 678 3981 catalecta
723 3905 798 3982 bot.
835 3912 931 3978 Fasc.
957 3927 998 3982 s
1023 3927 1102 4000 pag.
1126 3909 1233 3982 225.

286 4008 435 4081 Tab
461 4014 505 4082 V
540 4008 598 4103 fig.
621 4032 658 4090 2
688 4006 878 4142 (Confiteor
898 4006 1020 4076 ciliatar
1051 4003 1223 4096 Light·

193 737 421 809 Siccoto
452 738 511 809 vix
532 750 719 843 mutatur.
773 737 873 819 Vitri
893 734 1046 811 laminae
1067 730 1221 818 firmiter
1397 742 1398 747 ’
