2817 4684
658 81 665 113 l

125 403 134 417 ,
190 357 265 431 ιιι·
385 354 567 421 crass.
586 346 705 419 xxiv.
746 310 1078 461 currrossnm

127 512 369 613 Obsessi.
395 513 424 584 1.
458 519 502 587 In
529 504 649 611 pinnis
677 492 716 586 et
745 513 927 612 pinnulis
923 511 1005 584 sub
1009 486 1112 585 lente
1136 510 1274 589 modice

363 686 367 691 ,
354 632 557 709 augente
573 617 737 710 genicula
761 610 1027 689 evidentissime
1047 620 1273 713 conspiciun·
1289 698 1291 707 ,

313 770 318 779 -
402 733 484 800 tur,
517 743 609 815 quae
629 717 694 789 sub
720 719 953 815 microscopio
975 720 1174 815 composito
1199 718 1277 791 dita
1327 758 1335 769 κ

316 868 319 877 ·
404 819 522 918 phana
545 817 790 891 observantur.
857 825 911 891 Ιιι
924 819 1087 904 ramulis,
1122 817 1209 890 ubi
1199 844 1272 915 jam

308 998 312 1005 .
402 918 607 1011 obliterari
598 922 790 1018 incipiunt,
813 914 942 1003 lineam
951 921 1055 1019 paulo
1071 923 1273 1040 opaciorenr
1308 990 1317 1017 Ι

402 1036 545 1097 tantum
577 1039 853 1120 repraesentant.
928 1029 972 1094 In
998 1025 1104 1094 ramis
1138 1039 1175 1094 et
1202 1022 1269 1095 filis

402 1123 506 1222 plane
531 1121 716 1197 obliterata
739 1138 824 1199 sunt
839 1123 1001 1220 genicrssa
1015 1141 1052 1196 et
1068 1122 1272 1213 membrana

324 1282 341 1295 ..
405 1226 600 1298 conformis
623 1230 863 1323 conspicitur,
903 1226 1105 1321 egranulis
1136 1250 1271 1325 purpu
1318 1246 1328 1257 ‘
1400 1306 1401 1313 Ρ

331 1404 334 1411 ,
404 1330 496 1415 reis,
528 1332 799 1446 approximatis,
825 1344 944 1404 tamen
964 1328 1160 1421 distinctis,
1187 1354 1272 1402 cum

404 1432 618 1541 interposita
642 1431 715 1504 tela
730 1428 894 1521 cellulosa
906 1446 1140 1521 constructa.
1153 1434 1272 1513 Hinc

403 1529 479 1603 fere
494 1558 618 1605 omnes
638 1550 799 1607 auctores
819 1510 975 1605 botanici
989 1532 1075 1603 huic
1092 1531 1200 1624 Algae
1214 1557 1272 1626 ge·

304 1654 326 1673 ⁷
404 1633 522 1709 nicula
542 1636 781 1735 articulosque
802 1628 985 1729 denegant.

102 1840 106 1851 “
197 1819 364 1904 observ.
391 1832 440 1904 Il.
466 1831 629 1929 Capsulas
645 1846 801 1903 maturas
817 1832 855 1903 in
872 1847 1027 1927 quatuor
1042 1830 1098 1902 vel
1112 1832 1301 1928 qumque-
1400 1876 1402 1881 ‹

404 1933 547 2023 demum
596 1932 777 2029 segnr'enta
818 1931 998 2004 dehiscere
1050 1931 1273 2004 contendunt

162 2128 165 2135 Ι
308 2054 346 2073 *¹
404 2034 646 2131 Lrghtfoot
670 2026 939 2107 mFloraScot
964 2059 1042 2131 pag
1059 2045 1143 2121 955
1168 2032 1273 2105 etve-

253 2162 255 2173 ’
399 2138 649 2210 neratissinrus
667 2144 717 2212 D.
730 2138 951 2219 Turner
942 2162 980 2208 m
997 2161 1103 2234 opere
1118 2136 1271 2221 laudato,

403 2265 491 2337 quas
517 2234 706 2313 Hudson
732 2240 799 2312 l.c.
826 2238 915 2317 dixit
941 2237 1099 2331 radiatas
1150 2226 1242 2311 At
1232 2262 1272 2311 ιιι

190 2354 193 2361 ’
310 2382 324 2417 ,ι
404 2341 679 2440 speciminibus,
716 2368 807 2438 quae
829 2357 912 2413 ante
936 2322 1057 2413 oculos
1075 2337 1215 2429 habeo,
1222 2338 1271 2411 di·
1331 2357 1333 2360 ’
1402 2360 1404 2380 ’

402 2468 525 2516 versae
541 2448 685 2528 aetatis,
720 2442 824 2536 longe
841 2443 924 2513 alia
924 2458 1105 2514 structura
1119 2441 1271 2534 gaudere
1338 2475 1344 2481 ·
1401 2444 1403 2467 .

403 2546 565 2643 capsulae
588 2546 680 2616 mihi
703 2542 881 2629 videntur,
903 2547 1066 2639 quamvis
1081 2546 1198 2615 vivam
1213 2543 1271 2616 Al·
1373 2550 1376 2557 ’

402 2671 483 2740 gam
503 2643 712 2718 observandi
735 2644 872 2715 occasio
894 2643 1054 2715 nondum
1080 2646 1171 2716 mihi
1193 2644 1272 2718 data

335 2792 339 2803 -
382 2747 525 2820 ¹fuerit.
591 2747 755 2818 Iuniores
782 2744 917 2816 scilicet
941 2746 1102 2843 capsulae
1129 2762 1281 2834 ovatae„

401 2847 460 2921 vel
478 2834 729 2934 subrotundae,
754 2838 1037 2946 atropurpureae
1048 2848 1313 2946 receptaculo

401 2947 628 3025 tuberculoso
644 2946 819 3039 insident,
845 2946 941 3047 quod
956 2974 1119 3022 successu
1136 2967 1307 3049 tempo·

403 3051 453 3124 ris
467 3066 648 3144 segmenta
663 3050 830 3155 producit
840 3067 1003 3149 quatuor,
1030 3053 1190 3153 quinque
1207 3078 1270 3125 seu

402 3177 745 3249 nonnunquamsex,
771 3148 1181 3247 diversaelongitudinis,
1206 3152 1272 3227 fili

211 3336 214 3341 p
336 3316 339 3331 .
403 3254 549 3341 formis,
582 3209 807 3328 subtorulosa
828 3267 866 3326 et
888 3252 1152 3327 evidentissime
1173 3259 1271 3351 geni·

291 3366 296 3402 ²
353 3352 356 3359 ’
403 3355 529 3441 culata,
555 3355 699 3431 demum
715 3357 856 3455 capsula
868 3350 976 3454 duplo
998 3357 1159 3453 longiora
1174 3375 1211 3431 et
1228 3357 1271 3432 acl

294 3537 299 3547 ¹
349 3474 352 3481 '
381 3457 540 3554 ,apicem
565 3462 794 3531 conniventia
811 3458 981 3544 evadunt,
1013 3484 1169 3558 quorum
1186 3463 1270 3532 arti·

296 3652 299 3655 Ι
404 3558 476 3631 culi
498 3587 517 3647 e
536 3563 702 3657 granulis
718 3560 856 3634 duobus
882 3565 1071 3657 compositi
1094 3550 1270 3636 videntur.
1312 3596 1314 3603 ι

265 3724 273 3735 ,
330 3724 335 3727 .
404 3665 576 3767 Disrupta
599 3663 757 3761 capsula,
798 3678 880 3761 post
913 3663 1147 3755 granulorum
1188 3690 1269 3738 eon·

401 3779 586 3837 tentorum
601 3765 871 3860 dispersionem,
896 3778 1065 3860 tanquam
1080 3769 1196 3839 inanis
1211 3792 1269 3840 ve·

402 3868 514 3937 sicula
529 3864 795 3938 membranacea
810 3881 847 3938 et
862 3865 1012 3938 lacerata
1029 3892 1094 3978 per
1110 3893 1270 3963 segmen>

310 4028 314 4039 ,
402 3982 523 4043 torum
549 3969 743 4098 interstitia
762 3984 967 4066 transparet
987 3983 1029 4042 et
1039 3962 1183 4044 demum
1198 3994 1269 4079 nra'
